@comment{© 2011–2013 Sebastián González Montesinos}

@comment{BibTeX database on industrial ecology.}
@comment{For formatting guidelines please see README file.}

@article{cooper05consumption,
 title = {Slower Consumption: Reflections on Product Life Spans and
          the ``Throwaway Society''},
 author = {Tim Cooper},
 journal = {Journal of Industrial Ecology},
 volume = 9,
 number = {1-2},
 pages = {51--67},
 year = 2005,
 doi = {10.1162/1088198054084671}}

@book{vonweizsacker+97factor,
 title = {Factor Four: Doubling Wealth, Halving Resource Use,
          A New Report to the Club of Rome},
 author = {von Weizs\"acker, Ernst and
           Amory B. Lovins and
           L. Hunter Lovins},
 publisher = {Earthscan Ltd.},
 isbn = {978-1853834066},
 year = 1997}
