@comment{© 2011–2013 Sebastián González Montesinos}

@comment{BibTeX database on linguistics.}

@comment{For formatting guidelines please see README file.}

@comment{--- 2007 ---}

@book{pinker2007stuff,
 title = {The Stuff of Thought: Language As a Window Into Human Nature},
 author = {Steven Pinker},
 isbn = {978-0-670-06327-7},
 year = {2007},
 publisher={Viking}}

@comment{--- 2000 ---}

@book{pinker00language,
 title = {The Language Instinct: How the Mind Creates Language},
 author={Steven Pinker},
 isbn = {978-0-060-95833-6},
 series = {Modern Classics},
 year = {2000},
 publisher = {Perennial Classics}}
