@comment{© 2011–2013 Sebastián González Montesinos}

@comment{BibTeX database on neuroscience.}

@comment{For formatting guidelines please see README file.}

@comment{--- 2011 ---}

@book{ramachandran2011tell,
 title = {The Tell-Tale Brain:
          A Neuroscientist's Quest for What Makes Us Human},
 author = {Vilayanur S. Ramachandran},
 isbn = {978-0-393-07782-7},
 year = {2011},
 publisher={W. W. Norton}}
