@comment{© 2011–2013 Sebastián González Montesinos}

@comment{BibTeX database on philosophy.}

@comment{For formatting guidelines please see README file.}

@comment{--- 1974 ---}

@book{pirsig74zen,
 title = {Zen and the Art of Motorcycle Maintenance: An Inquiry Into Values},
 author = {Robert Pirsig},
 isbn = {978-0-060-83987-1},
 publisher = {HarperCollins Publishers},
 year = 1974}
